%% This BibTeX bibliography file was created using BibDesk.
%% http://bibdesk.sourceforge.net/


%% Created for Andreas Okholm at 2013-07-24 20:02:37 +0200 


%% Saved with string encoding Unicode (UTF-8) 



@article{kane1986process,
	Annote = {One of the most cited articles on Process capability indicies. One of the first in English literature (Cp, Cpk {\ldots})},
	Author = {Kane, Victor E},
	Date-Added = {2013-07-24 16:49:54 +0000},
	Date-Modified = {2013-07-24 17:09:20 +0000},
	Journal = {Journal of Quality Technology},
	Keywords = {Process capability indices},
	Number = {1},
	Pages = {41--52},
	Rating = {2},
	Read = {1},
	Title = {Process capability indices},
	Volume = {18},
	Year = {1986},
	Bdsk-File-1 = {YnBsaXN0MDDUAQIDBAUGJCVYJHZlcnNpb25YJG9iamVjdHNZJGFyY2hpdmVyVCR0b3ASAAGGoKgHCBMUFRYaIVUkbnVsbNMJCgsMDxJXTlMua2V5c1pOUy5vYmplY3RzViRjbGFzc6INDoACgAOiEBGABIAFgAdccmVsYXRpdmVQYXRoWWFsaWFzRGF0YV8QJ0thbmVfODZfUHJvY2VzcyBDYXBhYmlsaXR5IEluZGVjaWVzLnBkZtIXCxgZV05TLmRhdGFPEQKcAAAAAAKcAAIAAAxNYWNpbnRvc2ggSEQAAAAAAAAAAAAAAAAAAADMpuKySCsAAACFi64fS2FuZV84Nl9Qcm9jZXNzIENhcGEjODU5NDNGLnBkZgAAAAAAAAAAAAAAAAAAAAAAAAAAAAAAAAAAAAAAAAAAAIWUP83/F0IAAAAAAAAAAAABAAIAAAkgAAAAAAAAAAAAAAAAAAAAFlBDREJtYXN0ZXJCaWJsaW9ncmFwaHkAEAAIAADMpsaSAAAAEQAIAADN/vsiAAAAAQAkAIWLrgA5jVoAM0k3AAaZ5QAGmcYABpm2AAaZUgAFytAAAgY7AAIAl01hY2ludG9zaCBIRDpVc2VyczoAYW9raG9sbVJldGluYToARHJvcGJveDoARG9rdW1lbnRlcjoAU2tvbGU6AERUVToAMTBzZW1lc3RlcjoATWFzdGVyIHByb2plY3Q6AFBDREJtYXN0ZXJCaWJsaW9ncmFwaHk6AEthbmVfODZfUHJvY2VzcyBDYXBhIzg1OTQzRi5wZGYAAA4AUAAnAEsAYQBuAGUAXwA4ADYAXwBQAHIAbwBjAGUAcwBzACAAQwBhAHAAYQBiAGkAbABpAHQAeQAgAEkAbgBkAGUAYwBpAGUAcwAuAHAAZABmAA8AGgAMAE0AYQBjAGkAbgB0AG8AcwBoACAASABEABIAiVVzZXJzL2Fva2hvbG1SZXRpbmEvRHJvcGJveC9Eb2t1bWVudGVyL1Nrb2xlL0RUVS8xMHNlbWVzdGVyL01hc3RlciBwcm9qZWN0L1BDREJtYXN0ZXJCaWJsaW9ncmFwaHkvS2FuZV84Nl9Qcm9jZXNzIENhcGFiaWxpdHkgSW5kZWNpZXMucGRmAAATAAEvAAAVAAIAFP//AACABtIbHB0eWiRjbGFzc25hbWVYJGNsYXNzZXNdTlNNdXRhYmxlRGF0YaMdHyBWTlNEYXRhWE5TT2JqZWN00hscIiNcTlNEaWN0aW9uYXJ5oiIgXxAPTlNLZXllZEFyY2hpdmVy0SYnVHJvb3SAAQAIABEAGgAjAC0AMgA3AEAARgBNAFUAYABnAGoAbABuAHEAcwB1AHcAhACOALgAvQDFA2UDZwNsA3cDgAOOA5IDmQOiA6cDtAO3A8kDzAPRAAAAAAAAAgEAAAAAAAAAKAAAAAAAAAAAAAAAAAAAA9M=}}

@book{united1967preferred,
	Author = {United States of America Standards Institute. Sectional Committee on the Standardization of Allowances and Tolerances for Cylindrical Parts and Limit Gages, B4},
	Date-Added = {2013-07-24 15:13:31 +0000},
	Date-Modified = {2013-07-24 15:14:28 +0000},
	Publisher = {American Society of Mechanical Engineers},
	Rating = {4},
	Title = {Preferred Limits and Fits for Cylindrical Parts: ANSI B4. 1-1967},
	Year = {1967},
	Bdsk-File-1 = {YnBsaXN0MDDUAQIDBAUGJCVYJHZlcnNpb25YJG9iamVjdHNZJGFyY2hpdmVyVCR0b3ASAAGGoKgHCBMUFRYaIVUkbnVsbNMJCgsMDxJXTlMua2V5c1pOUy5vYmplY3RzViRjbGFzc6INDoACgAOiEBGABIAFgAdccmVsYXRpdmVQYXRoWWFsaWFzRGF0YV8QQlVTQVMgQjQuMS0xOTY3LVByZWZlcnJlZCBMaW1pdHMgYW5kIEZpdHMgZm9yIEN5bGluZHJpY2FsIFBhcnRzLnBkZtIXCxgZV05TLmRhdGFPEQLsAAAAAALsAAIAAAxNYWNpbnRvc2ggSEQAAAAAAAAAAAAAAAAAAADMpuKySCsAAACFi64fVVNBUyBCNC4xLTE5NjctUHJlZmUjODlBNDk4LnBkZgAAAAAAAAAAAAAAAAAAAAAAAAAAAAAAAAAAAAAAAAAAAImkmM4VoXkAAAAAAAAAAAABAAIAAAkgAAAAAAAAAAAAAAAAAAAAFlBDREJtYXN0ZXJCaWJsaW9ncmFwaHkAEAAIAADMpsaSAAAAEQAIAADOFYVZAAAAAQAkAIWLrgA5jVoAM0k3AAaZ5QAGmcYABpm2AAaZUgAFytAAAgY7AAIAl01hY2ludG9zaCBIRDpVc2VyczoAYW9raG9sbVJldGluYToARHJvcGJveDoARG9rdW1lbnRlcjoAU2tvbGU6AERUVToAMTBzZW1lc3RlcjoATWFzdGVyIHByb2plY3Q6AFBDREJtYXN0ZXJCaWJsaW9ncmFwaHk6AFVTQVMgQjQuMS0xOTY3LVByZWZlIzg5QTQ5OC5wZGYAAA4AhgBCAFUAUwBBAFMAIABCADQALgAxAC0AMQA5ADYANwAtAFAAcgBlAGYAZQByAHIAZQBkACAATABpAG0AaQB0AHMAIABhAG4AZAAgAEYAaQB0AHMAIABmAG8AcgAgAEMAeQBsAGkAbgBkAHIAaQBjAGEAbAAgAFAAYQByAHQAcwAuAHAAZABmAA8AGgAMAE0AYQBjAGkAbgB0AG8AcwBoACAASABEABIApFVzZXJzL2Fva2hvbG1SZXRpbmEvRHJvcGJveC9Eb2t1bWVudGVyL1Nrb2xlL0RUVS8xMHNlbWVzdGVyL01hc3RlciBwcm9qZWN0L1BDREJtYXN0ZXJCaWJsaW9ncmFwaHkvVVNBUyBCNC4xLTE5NjctUHJlZmVycmVkIExpbWl0cyBhbmQgRml0cyBmb3IgQ3lsaW5kcmljYWwgUGFydHMucGRmABMAAS8AABUAAgAU//8AAIAG0hscHR5aJGNsYXNzbmFtZVgkY2xhc3Nlc11OU011dGFibGVEYXRhox0fIFZOU0RhdGFYTlNPYmplY3TSGxwiI1xOU0RpY3Rpb25hcnmiIiBfEA9OU0tleWVkQXJjaGl2ZXLRJidUcm9vdIABAAgAEQAaACMALQAyADcAQABGAE0AVQBgAGcAagBsAG4AcQBzAHUAdwCEAI4A0wDYAOAD0APSA9cD4gPrA/kD/QQEBA0EEgQfBCIENAQ3BDwAAAAAAAACAQAAAAAAAAAoAAAAAAAAAAAAAAAAAAAEPg==}}

@book{american1978preferred,
	Annote = {P62, MACHINING PROCESSES, Recomended Tolerences Grades},
	Author = {American National Standard Institute},
	Date-Added = {2013-07-24 14:19:19 +0000},
	Date-Modified = {2013-07-24 14:22:20 +0000},
	Keywords = {Tolerance},
	Publisher = {American Society of Mechanical Engineers},
	Rating = {4},
	Read = {1},
	Title = {Preferred Metric Limits and Fits: ANSI B4. 2-1978},
	Year = {1978},
	Bdsk-File-1 = {YnBsaXN0MDDUAQIDBAUGJCVYJHZlcnNpb25YJG9iamVjdHNZJGFyY2hpdmVyVCR0b3ASAAGGoKgHCBMUFRYaIVUkbnVsbNMJCgsMDxJXTlMua2V5c1pOUy5vYmplY3RzViRjbGFzc6INDoACgAOiEBGABIAFgAdccmVsYXRpdmVQYXRoWWFsaWFzRGF0YV8QNmFuc2kgYjQuMiAtIDE5NzggIHByZWZlcnJlZCBtZXRyaWMgbGltaXRzIGFuZCBmaXRzLnBkZtIXCxgZV05TLmRhdGFPEQLIAAAAAALIAAIAAAxNYWNpbnRvc2ggSEQAAAAAAAAAAAAAAAAAAADMpuKySCsAAACFi64fYW5zaSBiNC4yIC0gMTk3OCAgcHIjODlBQkQ3LnBkZgAAAAAAAAAAAAAAAAAAAAAAAAAAAAAAAAAAAAAAAAAAAImr18pK34cAAAAAAAAAAAABAAIAAAkgAAAAAAAAAAAAAAAAAAAAFlBDREJtYXN0ZXJCaWJsaW9ncmFwaHkAEAAIAADMpsaSAAAAEQAIAADKSsNnAAAAAQAkAIWLrgA5jVoAM0k3AAaZ5QAGmcYABpm2AAaZUgAFytAAAgY7AAIAl01hY2ludG9zaCBIRDpVc2VyczoAYW9raG9sbVJldGluYToARHJvcGJveDoARG9rdW1lbnRlcjoAU2tvbGU6AERUVToAMTBzZW1lc3RlcjoATWFzdGVyIHByb2plY3Q6AFBDREJtYXN0ZXJCaWJsaW9ncmFwaHk6AGFuc2kgYjQuMiAtIDE5NzggIHByIzg5QUJENy5wZGYAAA4AbgA2AGEAbgBzAGkAIABiADQALgAyACAALQAgADEAOQA3ADgAIAAgAHAAcgBlAGYAZQByAHIAZQBkACAAbQBlAHQAcgBpAGMAIABsAGkAbQBpAHQAcwAgAGEAbgBkACAAZgBpAHQAcwAuAHAAZABmAA8AGgAMAE0AYQBjAGkAbgB0AG8AcwBoACAASABEABIAmFVzZXJzL2Fva2hvbG1SZXRpbmEvRHJvcGJveC9Eb2t1bWVudGVyL1Nrb2xlL0RUVS8xMHNlbWVzdGVyL01hc3RlciBwcm9qZWN0L1BDREJtYXN0ZXJCaWJsaW9ncmFwaHkvYW5zaSBiNC4yIC0gMTk3OCAgcHJlZmVycmVkIG1ldHJpYyBsaW1pdHMgYW5kIGZpdHMucGRmABMAAS8AABUAAgAU//8AAIAG0hscHR5aJGNsYXNzbmFtZVgkY2xhc3Nlc11OU011dGFibGVEYXRhox0fIFZOU0RhdGFYTlNPYmplY3TSGxwiI1xOU0RpY3Rpb25hcnmiIiBfEA9OU0tleWVkQXJjaGl2ZXLRJidUcm9vdIABAAgAEQAaACMALQAyADcAQABGAE0AVQBgAGcAagBsAG4AcQBzAHUAdwCEAI4AxwDMANQDoAOiA6cDsgO7A8kDzQPUA90D4gPvA/IEBAQHBAwAAAAAAAACAQAAAAAAAAAoAAAAAAAAAAAAAAAAAAAEDg==}}

@book{oberg2008machinery,
	Annote = {
P607 DIMENSIONING, GAGING, AND MEASURING
Guide to ISO and ANSI drafting practices

P661
Presents a table of Recomended IT Tolerance Grades for commen Machining Processes.
IT 4 to 11
Based on ANSI B4.2-1978 (R2004)

P715
Surface Roughness from commen production methods. From 50 Ra to 0.012.
No source given.

},
	Author = {Oberg, E. and Jones, F.D. and Horton, H.L. and Ryffel, H.H.},
	Date-Added = {2013-07-24 13:55:33 +0000},
	Date-Modified = {2013-07-24 15:16:42 +0000},
	Isbn = {9780831128388},
	Keywords = {Tolerance, surface finish},
	Publisher = {Industrial Press, Incorporated},
	Rating = {3},
	Read = {1},
	Series = {Machinery's Handbook Series},
	Title = {Machinery's Handbook 28},
	Url = {http://books.google.dk/books?id=VqOlMgEACAAJ},
	Year = {2008},
	Bdsk-File-1 = {YnBsaXN0MDDUAQIDBAUGJCVYJHZlcnNpb25YJG9iamVjdHNZJGFyY2hpdmVyVCR0b3ASAAGGoKgHCBMUFRYaIVUkbnVsbNMJCgsMDxJXTlMua2V5c1pOUy5vYmplY3RzViRjbGFzc6INDoACgAOiEBGABIAFgAdccmVsYXRpdmVQYXRoWWFsaWFzRGF0YV8QOU1hY2hpbmVyeSdzIEhhbmRib29rIEd1aWRlIC0gMjh0aCBFZGl0aW9uIChNYWxlc3Ryb20pLnBkZtIXCxgZV05TLmRhdGFPEQLSAAAAAALSAAIAAAxNYWNpbnRvc2ggSEQAAAAAAAAAAAAAAAAAAADMpuKySCsAAACFi64fTWFjaGluZXJ5J3MgSGFuZGJvb2sjODk5RTdCLnBkZgAAAAAAAAAAAAAAAAAAAAAAAAAAAAAAAAAAAAAAAAAAAImee84VlTgAAAAAAAAAAAABAAIAAAkgAAAAAAAAAAAAAAAAAAAAFlBDREJtYXN0ZXJCaWJsaW9ncmFwaHkAEAAIAADMpsaSAAAAEQAIAADOFXkYAAAAAQAkAIWLrgA5jVoAM0k3AAaZ5QAGmcYABpm2AAaZUgAFytAAAgY7AAIAl01hY2ludG9zaCBIRDpVc2VyczoAYW9raG9sbVJldGluYToARHJvcGJveDoARG9rdW1lbnRlcjoAU2tvbGU6AERUVToAMTBzZW1lc3RlcjoATWFzdGVyIHByb2plY3Q6AFBDREJtYXN0ZXJCaWJsaW9ncmFwaHk6AE1hY2hpbmVyeSdzIEhhbmRib29rIzg5OUU3Qi5wZGYAAA4AdAA5AE0AYQBjAGgAaQBuAGUAcgB5ACcAcwAgAEgAYQBuAGQAYgBvAG8AawAgAEcAdQBpAGQAZQAgAC0AIAAyADgAdABoACAARQBkAGkAdABpAG8AbgAgACgATQBhAGwAZQBzAHQAcgBvAG0AKQAuAHAAZABmAA8AGgAMAE0AYQBjAGkAbgB0AG8AcwBoACAASABEABIAm1VzZXJzL2Fva2hvbG1SZXRpbmEvRHJvcGJveC9Eb2t1bWVudGVyL1Nrb2xlL0RUVS8xMHNlbWVzdGVyL01hc3RlciBwcm9qZWN0L1BDREJtYXN0ZXJCaWJsaW9ncmFwaHkvTWFjaGluZXJ5J3MgSGFuZGJvb2sgR3VpZGUgLSAyOHRoIEVkaXRpb24gKE1hbGVzdHJvbSkucGRmAAATAAEvAAAVAAIAFP//AACABtIbHB0eWiRjbGFzc25hbWVYJGNsYXNzZXNdTlNNdXRhYmxlRGF0YaMdHyBWTlNEYXRhWE5TT2JqZWN00hscIiNcTlNEaWN0aW9uYXJ5oiIgXxAPTlNLZXllZEFyY2hpdmVy0SYnVHJvb3SAAQAIABEAGgAjAC0AMgA3AEAARgBNAFUAYABnAGoAbABuAHEAcwB1AHcAhACOAMoAzwDXA60DrwO0A78DyAPWA9oD4QPqA+8D/AP/BBEEFAQZAAAAAAAAAgEAAAAAAAAAKAAAAAAAAAAAAAAAAAAABBs=},
	Bdsk-Url-1 = {http://books.google.dk/books?id=VqOlMgEACAAJ}}

@article{sfantsikopoulos1990cost,
	Annote = {Develops a model for the Tolerance - Price relationship and based on 5 different sources gives a range of parameters. },
	Author = {Sfantsikopoulos, MM},
	Date-Added = {2013-07-07 11:48:29 +0000},
	Date-Modified = {2013-07-10 11:15:58 +0000},
	Journal = {The International Journal of Advanced Manufacturing Technology},
	Keywords = {Tolerance, Manufacturing Cost},
	Number = {2},
	Pages = {126--134},
	Publisher = {Springer},
	Rating = {4},
	Title = {A cost-tolerance analytical approach for design and manufacturing},
	Volume = {5},
	Year = {1990},
	Bdsk-File-1 = {YnBsaXN0MDDUAQIDBAUGJCVYJHZlcnNpb25YJG9iamVjdHNZJGFyY2hpdmVyVCR0b3ASAAGGoKgHCBMUFRYaIVUkbnVsbNMJCgsMDxJXTlMua2V5c1pOUy5vYmplY3RzViRjbGFzc6INDoACgAOiEBGABIAFgAdccmVsYXRpdmVQYXRoWWFsaWFzRGF0YV8QI1NmYW50c2lrb3BvdWxvc19Db3N0dnNUb2xlcmFuY2UucGRm0hcLGBlXTlMuZGF0YU8RApAAAAAAApAAAgAADE1hY2ludG9zaCBIRAAAAAAAAAAAAAAAAAAAAMym4rJIKwAAAIWLrh9TZmFudHNpa29wb3Vsb3NfQ29zdCM4NkJFMjkucGRmAAAAAAAAAAAAAAAAAAAAAAAAAAAAAAAAAAAAAAAAAAAAhr4pzf8iAgAAAAAAAAAAAAEAAgAACSAAAAAAAAAAAAAAAAAAAAAWUENEQm1hc3RlckJpYmxpb2dyYXBoeQAQAAgAAMymxpIAAAARAAgAAM3/BeIAAAABACQAhYuuADmNWgAzSTcABpnlAAaZxgAGmbYABplSAAXK0AACBjsAAgCXTWFjaW50b3NoIEhEOlVzZXJzOgBhb2tob2xtUmV0aW5hOgBEcm9wYm94OgBEb2t1bWVudGVyOgBTa29sZToARFRVOgAxMHNlbWVzdGVyOgBNYXN0ZXIgcHJvamVjdDoAUENEQm1hc3RlckJpYmxpb2dyYXBoeToAU2ZhbnRzaWtvcG91bG9zX0Nvc3QjODZCRTI5LnBkZgAADgBIACMAUwBmAGEAbgB0AHMAaQBrAG8AcABvAHUAbABvAHMAXwBDAG8AcwB0AHYAcwBUAG8AbABlAHIAYQBuAGMAZQAuAHAAZABmAA8AGgAMAE0AYQBjAGkAbgB0AG8AcwBoACAASABEABIAhVVzZXJzL2Fva2hvbG1SZXRpbmEvRHJvcGJveC9Eb2t1bWVudGVyL1Nrb2xlL0RUVS8xMHNlbWVzdGVyL01hc3RlciBwcm9qZWN0L1BDREJtYXN0ZXJCaWJsaW9ncmFwaHkvU2ZhbnRzaWtvcG91bG9zX0Nvc3R2c1RvbGVyYW5jZS5wZGYAABMAAS8AABUAAgAU//8AAIAG0hscHR5aJGNsYXNzbmFtZVgkY2xhc3Nlc11OU011dGFibGVEYXRhox0fIFZOU0RhdGFYTlNPYmplY3TSGxwiI1xOU0RpY3Rpb25hcnmiIiBfEA9OU0tleWVkQXJjaGl2ZXLRJidUcm9vdIABAAgAEQAaACMALQAyADcAQABGAE0AVQBgAGcAagBsAG4AcQBzAHUAdwCEAI4AtAC5AMEDVQNXA1wDZwNwA34DggOJA5IDlwOkA6cDuQO8A8EAAAAAAAACAQAAAAAAAAAoAAAAAAAAAAAAAAAAAAADww==}}

@article{feng1995dimension,
	Annote = {A proposed Data model for integrating Tolerance specification into CAD data. 

Early (1995) Attempt to include Tolernce design into CAD systems},
	Author = {Feng, Shaw C and Yang, Yuhwei},
	Date-Added = {2013-07-07 11:32:38 +0000},
	Date-Modified = {2013-07-07 11:38:57 +0000},
	Journal = {Journal of Manufacturing systems},
	Keywords = {Tolerance, CAD},
	Number = {6},
	Pages = {406--426},
	Publisher = {Elsevier},
	Rating = {2},
	Read = {0},
	Title = {A dimension and tolerance data model for concurrent design and systems integration},
	Volume = {14},
	Year = {1995},
	Bdsk-File-1 = {YnBsaXN0MDDUAQIDBAUGJCVYJHZlcnNpb25YJG9iamVjdHNZJGFyY2hpdmVyVCR0b3ASAAGGoKgHCBMUFRYaIVUkbnVsbNMJCgsMDxJXTlMua2V5c1pOUy5vYmplY3RzViRjbGFzc6INDoACgAOiEBGABIAFgAdccmVsYXRpdmVQYXRoWWFsaWFzRGF0YV8QXWZlbmc5NF9BIERpbWVuc2lvbiBhbmQgVG9sZXJhbmNlIERhdGEgTW9kZWwgZm9yIENvbmN1cnJlbnQgRGVzaWduIGFuZCBTeXN0ZW1zIEludGVncmF0aW9uLnBkZtIXCxgZV05TLmRhdGFPEQM+AAAAAAM+AAIAAAxNYWNpbnRvc2ggSEQAAAAAAAAAAAAAAAAAAADMpuKySCsAAACFi64fZmVuZzk0X0EgRGltZW5zaW9uIGEjODU5NzkwLnBkZgAAAAAAAAAAAAAAAAAAAAAAAAAAAAAAAAAAAAAAAAAAAIWXkM3/HjoAAAAAAAAAAAABAAIAAAkgAAAAAAAAAAAAAAAAAAAAFlBDREJtYXN0ZXJCaWJsaW9ncmFwaHkAEAAIAADMpsaSAAAAEQAIAADN/wIaAAAAAQAkAIWLrgA5jVoAM0k3AAaZ5QAGmcYABpm2AAaZUgAFytAAAgY7AAIAl01hY2ludG9zaCBIRDpVc2VyczoAYW9raG9sbVJldGluYToARHJvcGJveDoARG9rdW1lbnRlcjoAU2tvbGU6AERUVToAMTBzZW1lc3RlcjoATWFzdGVyIHByb2plY3Q6AFBDREJtYXN0ZXJCaWJsaW9ncmFwaHk6AGZlbmc5NF9BIERpbWVuc2lvbiBhIzg1OTc5MC5wZGYAAA4AvABdAGYAZQBuAGcAOQA0AF8AQQAgAEQAaQBtAGUAbgBzAGkAbwBuACAAYQBuAGQAIABUAG8AbABlAHIAYQBuAGMAZQAgAEQAYQB0AGEAIABNAG8AZABlAGwAIABmAG8AcgAgAEMAbwBuAGMAdQByAHIAZQBuAHQAIABEAGUAcwBpAGcAbgAgAGEAbgBkACAAUwB5AHMAdABlAG0AcwAgAEkAbgB0AGUAZwByAGEAdABpAG8AbgAuAHAAZABmAA8AGgAMAE0AYQBjAGkAbgB0AG8AcwBoACAASABEABIAv1VzZXJzL2Fva2hvbG1SZXRpbmEvRHJvcGJveC9Eb2t1bWVudGVyL1Nrb2xlL0RUVS8xMHNlbWVzdGVyL01hc3RlciBwcm9qZWN0L1BDREJtYXN0ZXJCaWJsaW9ncmFwaHkvZmVuZzk0X0EgRGltZW5zaW9uIGFuZCBUb2xlcmFuY2UgRGF0YSBNb2RlbCBmb3IgQ29uY3VycmVudCBEZXNpZ24gYW5kIFN5c3RlbXMgSW50ZWdyYXRpb24ucGRmAAATAAEvAAAVAAIAFP//AACABtIbHB0eWiRjbGFzc25hbWVYJGNsYXNzZXNdTlNNdXRhYmxlRGF0YaMdHyBWTlNEYXRhWE5TT2JqZWN00hscIiNcTlNEaWN0aW9uYXJ5oiIgXxAPTlNLZXllZEFyY2hpdmVy0SYnVHJvb3SAAQAIABEAGgAjAC0AMgA3AEAARgBNAFUAYABnAGoAbABuAHEAcwB1AHcAhACOAO4A8wD7BD0EPwREBE8EWARmBGoEcQR6BH8EjASPBKEEpASpAAAAAAAAAgEAAAAAAAAAKAAAAAAAAAAAAAAAAAAABKs=}}

@article{arvidsson2008principles,
	Annote = {A literature review of What Robust Design is.},
	Author = {Arvidsson, Martin and Gremyr, Ida},
	Date-Added = {2013-07-07 11:13:48 +0000},
	Date-Modified = {2013-07-07 11:14:32 +0000},
	Journal = {Quality and Reliability Engineering International},
	Keywords = {RDM, literature review},
	Number = {1},
	Pages = {23--35},
	Publisher = {Wiley Online Library},
	Rating = {3},
	Read = {1},
	Title = {Principles of robust design methodology},
	Volume = {24},
	Year = {2008},
	Bdsk-File-1 = {YnBsaXN0MDDUAQIDBAUGJCVYJHZlcnNpb25YJG9iamVjdHNZJGFyY2hpdmVyVCR0b3ASAAGGoKgHCBMUFRYaIVUkbnVsbNMJCgsMDxJXTlMua2V5c1pOUy5vYmplY3RzViRjbGFzc6INDoACgAOiEBGABIAFgAdccmVsYXRpdmVQYXRoWWFsaWFzRGF0YV8QP0Fydmlkc3Nvbl9HcmVteXJfMDhfUHJpbmNpcGxlcyBPZiBSb2J1c3QgRGVzaWduIE1ldGhvZG9sb2d5LnBkZtIXCxgZV05TLmRhdGFPEQLkAAAAAALkAAIAAAxNYWNpbnRvc2ggSEQAAAAAAAAAAAAAAAAAAADMpuKySCsAAACFi64fQXJ2aWRzc29uX0dyZW15cl8wOF8jNjZGNkNELnBkZgAAAAAAAAAAAAAAAAAAAAAAAAAAAAAAAAAAAAAAAAAAAGb2zc3bpeoAAAAAAAAAAAABAAIAAAkgAAAAAAAAAAAAAAAAAAAAFlBDREJtYXN0ZXJCaWJsaW9ncmFwaHkAEAAIAADMpsaSAAAAEQAIAADN24nKAAAAAQAkAIWLrgA5jVoAM0k3AAaZ5QAGmcYABpm2AAaZUgAFytAAAgY7AAIAl01hY2ludG9zaCBIRDpVc2VyczoAYW9raG9sbVJldGluYToARHJvcGJveDoARG9rdW1lbnRlcjoAU2tvbGU6AERUVToAMTBzZW1lc3RlcjoATWFzdGVyIHByb2plY3Q6AFBDREJtYXN0ZXJCaWJsaW9ncmFwaHk6AEFydmlkc3Nvbl9HcmVteXJfMDhfIzY2RjZDRC5wZGYAAA4AgAA/AEEAcgB2AGkAZABzAHMAbwBuAF8ARwByAGUAbQB5AHIAXwAwADgAXwBQAHIAaQBuAGMAaQBwAGwAZQBzACAATwBmACAAUgBvAGIAdQBzAHQAIABEAGUAcwBpAGcAbgAgAE0AZQB0AGgAbwBkAG8AbABvAGcAeQAuAHAAZABmAA8AGgAMAE0AYQBjAGkAbgB0AG8AcwBoACAASABEABIAoVVzZXJzL2Fva2hvbG1SZXRpbmEvRHJvcGJveC9Eb2t1bWVudGVyL1Nrb2xlL0RUVS8xMHNlbWVzdGVyL01hc3RlciBwcm9qZWN0L1BDREJtYXN0ZXJCaWJsaW9ncmFwaHkvQXJ2aWRzc29uX0dyZW15cl8wOF9QcmluY2lwbGVzIE9mIFJvYnVzdCBEZXNpZ24gTWV0aG9kb2xvZ3kucGRmAAATAAEvAAAVAAIAFP//AACABtIbHB0eWiRjbGFzc25hbWVYJGNsYXNzZXNdTlNNdXRhYmxlRGF0YaMdHyBWTlNEYXRhWE5TT2JqZWN00hscIiNcTlNEaWN0aW9uYXJ5oiIgXxAPTlNLZXllZEFyY2hpdmVy0SYnVHJvb3SAAQAIABEAGgAjAC0AMgA3AEAARgBNAFUAYABnAGoAbABuAHEAcwB1AHcAhACOANAA1QDdA8UDxwPMA9cD4APuA/ID+QQCBAcEFAQXBCkELAQxAAAAAAAAAgEAAAAAAAAAKAAAAAAAAAAAAAAAAAAABDM=}}

@article{yang1998design,
	Annote = {Example of Taguchi in use. },
	Author = {Yang, WH and Tarng, YS},
	Date-Added = {2013-07-07 10:17:14 +0000},
	Date-Modified = {2013-07-07 10:19:02 +0000},
	Journal = {Journal of Materials Processing Technology},
	Keywords = {Taguchi, turning, ANOVA},
	Number = {1},
	Pages = {122--129},
	Publisher = {Elsevier},
	Rating = {2},
	Read = {1},
	Title = {Design optimization of cutting parameters for turning operations based on the Taguchi method},
	Volume = {84},
	Year = {1998},
	Bdsk-File-1 = {YnBsaXN0MDDUAQIDBAUGJCVYJHZlcnNpb25YJG9iamVjdHNZJGFyY2hpdmVyVCR0b3ASAAGGoKgHCBMUFRYaIVUkbnVsbNMJCgsMDxJXTlMua2V5c1pOUy5vYmplY3RzViRjbGFzc6INDoACgAOiEBGABIAFgAdccmVsYXRpdmVQYXRoWWFsaWFzRGF0YV8QZ1lhbmdfOTdEZXNpZ24gb3B0aW1pemF0aW9uIG9mIGN1dHRpbmcgcGFyYW1ldGVycyBmb3IgdHVybmluZyBvcGVyYXRpb25zIGJhc2VkIG9uIHRoZSBUYWd1Y2hpIG1ldGhvZC5wZGbSFwsYGVdOUy5kYXRhTxEDXAAAAAADXAACAAAMTWFjaW50b3NoIEhEAAAAAAAAAAAAAAAAAAAAzKbiskgrAAAAhYuuH1lhbmdfOTdEZXNpZ24gb3B0aW1pIzY3NTFBNy5wZGYAAAAAAAAAAAAAAAAAAAAAAAAAAAAAAAAAAAAAAAAAAABnUafN4M+MAAAAAAAAAAAAAQACAAAJIAAAAAAAAAAAAAAAAAAAABZQQ0RCbWFzdGVyQmlibGlvZ3JhcGh5ABAACAAAzKbGkgAAABEACAAAzeCzbAAAAAEAJACFi64AOY1aADNJNwAGmeUABpnGAAaZtgAGmVIABcrQAAIGOwACAJdNYWNpbnRvc2ggSEQ6VXNlcnM6AGFva2hvbG1SZXRpbmE6AERyb3Bib3g6AERva3VtZW50ZXI6AFNrb2xlOgBEVFU6ADEwc2VtZXN0ZXI6AE1hc3RlciBwcm9qZWN0OgBQQ0RCbWFzdGVyQmlibGlvZ3JhcGh5OgBZYW5nXzk3RGVzaWduIG9wdGltaSM2NzUxQTcucGRmAAAOANAAZwBZAGEAbgBnAF8AOQA3AEQAZQBzAGkAZwBuACAAbwBwAHQAaQBtAGkAegBhAHQAaQBvAG4AIABvAGYAIABjAHUAdAB0AGkAbgBnACAAcABhAHIAYQBtAGUAdABlAHIAcwAgAGYAbwByACAAdAB1AHIAbgBpAG4AZwAgAG8AcABlAHIAYQB0AGkAbwBuAHMAIABiAGEAcwBlAGQAIABvAG4AIAB0AGgAZQAgAFQAYQBnAHUAYwBoAGkAIABtAGUAdABoAG8AZAAuAHAAZABmAA8AGgAMAE0AYQBjAGkAbgB0AG8AcwBoACAASABEABIAyVVzZXJzL2Fva2hvbG1SZXRpbmEvRHJvcGJveC9Eb2t1bWVudGVyL1Nrb2xlL0RUVS8xMHNlbWVzdGVyL01hc3RlciBwcm9qZWN0L1BDREJtYXN0ZXJCaWJsaW9ncmFwaHkvWWFuZ185N0Rlc2lnbiBvcHRpbWl6YXRpb24gb2YgY3V0dGluZyBwYXJhbWV0ZXJzIGZvciB0dXJuaW5nIG9wZXJhdGlvbnMgYmFzZWQgb24gdGhlIFRhZ3VjaGkgbWV0aG9kLnBkZgAAEwABLwAAFQACABT//wAAgAbSGxwdHlokY2xhc3NuYW1lWCRjbGFzc2VzXU5TTXV0YWJsZURhdGGjHR8gVk5TRGF0YVhOU09iamVjdNIbHCIjXE5TRGljdGlvbmFyeaIiIF8QD05TS2V5ZWRBcmNoaXZlctEmJ1Ryb290gAEACAARABoAIwAtADIANwBAAEYATQBVAGAAZwBqAGwAbgBxAHMAdQB3AIQAjgD4AP0BBQRlBGcEbAR3BIAEjgSSBJkEogSnBLQEtwTJBMwE0QAAAAAAAAIBAAAAAAAAACgAAAAAAAAAAAAAAAAAAATT}}

@article{thornton2000more,
	Annote = {Study based on American fortune 500 and aerospace companies shows that they need "better low cost, systematic, and quantitative methods in all stages of variation risk management"},
	Author = {Thornton, Anna C and Donnelly, Stephen and Ertan, Basak},
	Date-Added = {2013-07-07 09:36:23 +0000},
	Date-Modified = {2013-07-24 17:20:47 +0000},
	Journal = {Research in Engineering Design},
	Number = {3},
	Pages = {127--143},
	Publisher = {Springer},
	Rating = {3},
	Read = {1},
	Title = {More than just robust design: why product development organizations still contend with variation and its impact on quality},
	Volume = {12},
	Year = {2000},
	Bdsk-File-1 = {YnBsaXN0MDDUAQIDBAUGJCVYJHZlcnNpb25YJG9iamVjdHNZJGFyY2hpdmVyVCR0b3ASAAGGoKgHCBMUFRYaIVUkbnVsbNMJCgsMDxJXTlMua2V5c1pOUy5vYmplY3RzViRjbGFzc6INDoACgAOiEBGABIAFgAdccmVsYXRpdmVQYXRoWWFsaWFzRGF0YV8QLFRob3JudG9uXzAwX01vcmUgdGhhbiBKdXN0IFJvYnVzdCBEZXNpZ24ucGRm0hcLGBlXTlMuZGF0YU8RAqoAAAAAAqoAAgAADE1hY2ludG9zaCBIRAAAAAAAAAAAAAAAAAAAAMym4rJIKwAAAIWLrh9UaG9ybnRvbl8wMF9Nb3JlIHRoYSM4OUNENjYucGRmAAAAAAAAAAAAAAAAAAAAAAAAAAAAAAAAAAAAAAAAAAAAic1mzduiwwAAAAAAAAAAAAEAAgAACSAAAAAAAAAAAAAAAAAAAAAWUENEQm1hc3RlckJpYmxpb2dyYXBoeQAQAAgAAMymxpIAAAARAAgAAM3bhqMAAAABACQAhYuuADmNWgAzSTcABpnlAAaZxgAGmbYABplSAAXK0AACBjsAAgCXTWFjaW50b3NoIEhEOlVzZXJzOgBhb2tob2xtUmV0aW5hOgBEcm9wYm94OgBEb2t1bWVudGVyOgBTa29sZToARFRVOgAxMHNlbWVzdGVyOgBNYXN0ZXIgcHJvamVjdDoAUENEQm1hc3RlckJpYmxpb2dyYXBoeToAVGhvcm50b25fMDBfTW9yZSB0aGEjODlDRDY2LnBkZgAADgBaACwAVABoAG8AcgBuAHQAbwBuAF8AMAAwAF8ATQBvAHIAZQAgAHQAaABhAG4AIABKAHUAcwB0ACAAUgBvAGIAdQBzAHQAIABEAGUAcwBpAGcAbgAuAHAAZABmAA8AGgAMAE0AYQBjAGkAbgB0AG8AcwBoACAASABEABIAjlVzZXJzL2Fva2hvbG1SZXRpbmEvRHJvcGJveC9Eb2t1bWVudGVyL1Nrb2xlL0RUVS8xMHNlbWVzdGVyL01hc3RlciBwcm9qZWN0L1BDREJtYXN0ZXJCaWJsaW9ncmFwaHkvVGhvcm50b25fMDBfTW9yZSB0aGFuIEp1c3QgUm9idXN0IERlc2lnbi5wZGYAEwABLwAAFQACABT//wAAgAbSGxwdHlokY2xhc3NuYW1lWCRjbGFzc2VzXU5TTXV0YWJsZURhdGGjHR8gVk5TRGF0YVhOU09iamVjdNIbHCIjXE5TRGljdGlvbmFyeaIiIF8QD05TS2V5ZWRBcmNoaXZlctEmJ1Ryb290gAEACAARABoAIwAtADIANwBAAEYATQBVAGAAZwBqAGwAbgBxAHMAdQB3AIQAjgC9AMIAygN4A3oDfwOKA5MDoQOlA6wDtQO6A8cDygPcA98D5AAAAAAAAAIBAAAAAAAAACgAAAAAAAAAAAAAAAAAAAPm}}

@book{thornton2004variation,
	Annote = {Whole appendix B is dedicated to PCDB design.

Introduces concepts of Product Key chateristics and methods on how to manage these.
},
	Author = {Thornton, Anna C},
	Date-Added = {2013-07-07 08:17:36 +0000},
	Date-Modified = {2013-07-07 10:11:44 +0000},
	Keywords = {PCDB, six sigma,},
	Publisher = {Wiley Hoboken},
	Rating = {3},
	Read = {1},
	Title = {Variation risk management: focusing quality improvements in product development and production},
	Year = {2004}}

@inproceedings{tata1999process,
	Annote = {Summery of M. Tata's Master project, published in acticle form.

Based on a survey send to major design and manufactureing firms. The problems of current PCDB implementations are investigated. },
	Author = {Tata, Melissa and Thornton, Anna},
	Booktitle = {ASME Design Engineering Technical Conferences},
	Date-Added = {2013-07-07 08:14:45 +0000},
	Date-Modified = {2013-07-10 11:16:09 +0000},
	Keywords = {PCDB, survey},
	Rating = {4},
	Read = {1},
	Title = {Process capability database usage in industry: myth vs. reality},
	Year = {1999},
	Bdsk-File-1 = {YnBsaXN0MDDUAQIDBAUGJCVYJHZlcnNpb25YJG9iamVjdHNZJGFyY2hpdmVyVCR0b3ASAAGGoKgHCBMUFRYaIVUkbnVsbNMJCgsMDxJXTlMua2V5c1pOUy5vYmplY3RzViRjbGFzc6INDoACgAOiEBGABIAFgAdccmVsYXRpdmVQYXRoWWFsaWFzRGF0YV8QNFRhdGFfVGhvcm50b25fOTlfUHJvY2VzcyBDYXBhYmlsaXR5IGluIEluZHVzdHJ5LS5wZGbSFwsYGVdOUy5kYXRhTxECwgAAAAACwgACAAAMTWFjaW50b3NoIEhEAAAAAAAAAAAAAAAAAAAAzKbiskgrAAAAhYuuH1RhdGFfVGhvcm50b25fOTlfUHJvIzg1OTE4NC5wZGYAAAAAAAAAAAAAAAAAAAAAAAAAAAAAAAAAAAAAAAAAAACFkYTNYToLAAAAAAAAAAAAAQACAAAJIAAAAAAAAAAAAAAAAAAAABZQQ0RCbWFzdGVyQmlibGlvZ3JhcGh5ABAACAAAzKbGkgAAABEACAAAzWEr+wAAAAEAJACFi64AOY1aADNJNwAGmeUABpnGAAaZtgAGmVIABcrQAAIGOwACAJdNYWNpbnRvc2ggSEQ6VXNlcnM6AGFva2hvbG1SZXRpbmE6AERyb3Bib3g6AERva3VtZW50ZXI6AFNrb2xlOgBEVFU6ADEwc2VtZXN0ZXI6AE1hc3RlciBwcm9qZWN0OgBQQ0RCbWFzdGVyQmlibGlvZ3JhcGh5OgBUYXRhX1Rob3JudG9uXzk5X1BybyM4NTkxODQucGRmAAAOAGoANABUAGEAdABhAF8AVABoAG8AcgBuAHQAbwBuAF8AOQA5AF8AUAByAG8AYwBlAHMAcwAgAEMAYQBwAGEAYgBpAGwAaQB0AHkAIABpAG4AIABJAG4AZAB1AHMAdAByAHkALQAuAHAAZABmAA8AGgAMAE0AYQBjAGkAbgB0AG8AcwBoACAASABEABIAllVzZXJzL2Fva2hvbG1SZXRpbmEvRHJvcGJveC9Eb2t1bWVudGVyL1Nrb2xlL0RUVS8xMHNlbWVzdGVyL01hc3RlciBwcm9qZWN0L1BDREJtYXN0ZXJCaWJsaW9ncmFwaHkvVGF0YV9UaG9ybnRvbl85OV9Qcm9jZXNzIENhcGFiaWxpdHkgaW4gSW5kdXN0cnktLnBkZgATAAEvAAAVAAIAFP//AACABtIbHB0eWiRjbGFzc25hbWVYJGNsYXNzZXNdTlNNdXRhYmxlRGF0YaMdHyBWTlNEYXRhWE5TT2JqZWN00hscIiNcTlNEaWN0aW9uYXJ5oiIgXxAPTlNLZXllZEFyY2hpdmVy0SYnVHJvb3SAAQAIABEAGgAjAC0AMgA3AEAARgBNAFUAYABnAGoAbABuAHEAcwB1AHcAhACOAMUAygDSA5gDmgOfA6oDswPBA8UDzAPVA9oD5wPqA/wD/wQEAAAAAAAAAgEAAAAAAAAAKAAAAAAAAAAAAAAAAAAABAY=}}

@phdthesis{kern2003forecasting,
	Annote = {Great well structured literature review of related work to PCDB and which fields of knowledge has interest in the PCDB data.

Proposes a structure for the actual database scheme.  (Usefull as inspiration)
Develop a Matrix systems to assign keyfeatures.  (It's most likely nessary, but seems way too time consuming)
Develop a framework to calculate Process mean and varience output based on Varience and mean in. (It's could be usefull if (big IF) the varience and mean input it know).

},
	Author = {Kern, Daniel C},
	Date-Added = {2013-07-07 08:12:59 +0000},
	Date-Modified = {2013-07-07 09:57:31 +0000},
	Keywords = {PCDB, literature review, selective assembly, VRUM},
	Rating = {4},
	Read = {1},
	School = {Citeseer},
	Title = {Forecasting manufacturing variation using historical process capability data: applications for random assembly, selective assembly, and serial processing},
	Year = {2003},
	Bdsk-File-1 = {YnBsaXN0MDDUAQIDBAUGJCVYJHZlcnNpb25YJG9iamVjdHNZJGFyY2hpdmVyVCR0b3ASAAGGoKgHCBMUFRYaIVUkbnVsbNMJCgsMDxJXTlMua2V5c1pOUy5vYmplY3RzViRjbGFzc6INDoACgAOiEBGABIAFgAdccmVsYXRpdmVQYXRoWWFsaWFzRGF0YV8QWEtlcm5fMDNfRm9yZWNhc3RpbmcgTWFudWZhY3R1cmluZyBWYXJpYXRpb24gVXNpbmcgSGlzdG9yaWNhbCBQcm9jZXNzIENhcGFiaWxpdHkgRGF0YS5wZGbSFwsYGVdOUy5kYXRhTxEDLgAAAAADLgACAAAMTWFjaW50b3NoIEhEAAAAAAAAAAAAAAAAAAAAzKbiskgrAAAAhYuuH0tlcm5fMDNfRm9yZWNhc3RpbmcgIzg1MzgyRi5wZGYAAAAAAAAAAAAAAAAAAAAAAAAAAAAAAAAAAAAAAAAAAACFOC/N26XxAAAAAAAAAAAAAQACAAAJIAAAAAAAAAAAAAAAAAAAABZQQ0RCbWFzdGVyQmlibGlvZ3JhcGh5ABAACAAAzKbGkgAAABEACAAAzduJ0QAAAAEAJACFi64AOY1aADNJNwAGmeUABpnGAAaZtgAGmVIABcrQAAIGOwACAJdNYWNpbnRvc2ggSEQ6VXNlcnM6AGFva2hvbG1SZXRpbmE6AERyb3Bib3g6AERva3VtZW50ZXI6AFNrb2xlOgBEVFU6ADEwc2VtZXN0ZXI6AE1hc3RlciBwcm9qZWN0OgBQQ0RCbWFzdGVyQmlibGlvZ3JhcGh5OgBLZXJuXzAzX0ZvcmVjYXN0aW5nICM4NTM4MkYucGRmAAAOALIAWABLAGUAcgBuAF8AMAAzAF8ARgBvAHIAZQBjAGEAcwB0AGkAbgBnACAATQBhAG4AdQBmAGEAYwB0AHUAcgBpAG4AZwAgAFYAYQByAGkAYQB0AGkAbwBuACAAVQBzAGkAbgBnACAASABpAHMAdABvAHIAaQBjAGEAbAAgAFAAcgBvAGMAZQBzAHMAIABDAGEAcABhAGIAaQBsAGkAdAB5ACAARABhAHQAYQAuAHAAZABmAA8AGgAMAE0AYQBjAGkAbgB0AG8AcwBoACAASABEABIAulVzZXJzL2Fva2hvbG1SZXRpbmEvRHJvcGJveC9Eb2t1bWVudGVyL1Nrb2xlL0RUVS8xMHNlbWVzdGVyL01hc3RlciBwcm9qZWN0L1BDREJtYXN0ZXJCaWJsaW9ncmFwaHkvS2Vybl8wM19Gb3JlY2FzdGluZyBNYW51ZmFjdHVyaW5nIFZhcmlhdGlvbiBVc2luZyBIaXN0b3JpY2FsIFByb2Nlc3MgQ2FwYWJpbGl0eSBEYXRhLnBkZgATAAEvAAAVAAIAFP//AACABtIbHB0eWiRjbGFzc25hbWVYJGNsYXNzZXNdTlNNdXRhYmxlRGF0YaMdHyBWTlNEYXRhWE5TT2JqZWN00hscIiNcTlNEaWN0aW9uYXJ5oiIgXxAPTlNLZXllZEFyY2hpdmVy0SYnVHJvb3SAAQAIABEAGgAjAC0AMgA3AEAARgBNAFUAYABnAGoAbABuAHEAcwB1AHcAhACOAOkA7gD2BCgEKgQvBDoEQwRRBFUEXARlBGoEdwR6BIwEjwSUAAAAAAAAAgEAAAAAAAAAKAAAAAAAAAAAAAAAAAAABJY=}}
